<?xml version="1.0" encoding="UTF-8"?><collection xmlns="http://www.loc.gov/MARC21/slim"><record><leader>00455nam--2200145-i-4500</leader><controlfield tag="001">000034687</controlfield><controlfield tag="002">20161230</controlfield><controlfield tag="005">20161230201040</controlfield><controlfield tag="008">060222s1000------------r-----000-0-eng-d</controlfield><datafield ind1=" " ind2=" " tag="080"><subfield code="a">535.52:538.958:681.7(063)</subfield></datafield><datafield ind1=" " ind2=" " tag="245"><subfield code="a">New optical materials</subfield></datafield><datafield ind1=" " ind2=" " tag="260"><subfield code="a">Washington, The Int.Society For Optical Engineering, K1983. Vi+188p</subfield></datafield><datafield ind1=" " ind2=" " tag="490"><subfield code="a">Proc.Of Spie The Int.Society For Optical Engineerint</subfield></datafield><datafield ind1=" " ind2=" " tag="700"><subfield code="a">Solomon Musikant And Josette Dupuy</subfield></datafield><datafield ind1=" " ind2=" " tag="852"><subfield code="a">72483</subfield></datafield></record></collection>